@book{lafontaine2012introduction,
  title={Introduction aux vari{\'e}t{\'e}s diff{\'e}rentielles},
  author={Lafontaine, J.},
  isbn={9782759801206},
  series={GRENOBLE SCIENCES},
  year={2012},
  publisher={EDP Sciences}
}
@ARTICLE{2017arXiv170901383S,
   author = {{S{\'e}vennec}, B.},
    title = "{Les douze surfaces de Darboux et la trialit{\'e}}",
  journal = {ArXiv e-prints},
archivePrefix = "arXiv",
   eprint = {1709.01383},
 primaryClass = "math.DG",
 keywords = {Mathematics - Differential Geometry},
     year = 2017,
    month = sep,
   adsurl = {http://adsabs.harvard.edu/abs/2017arXiv170901383S},
  adsnote = {Provided by the SAO/NASA Astrophysics Data System}
}
@article {MR0123622,
    AUTHOR = {van der Blij, F. and Springer, T. A.},
     TITLE = {Octaves and triality},
   JOURNAL = {Nieuw Arch. Wisk. (3)},
  FJOURNAL = {Nieuw Archief voor Wiskunde. Vierde Serie},
    VOLUME = {8},
      YEAR = {1960},
     PAGES = {158--169},
}
@book{H2G2_tome2,
  title={Histoires h{\'e}donistes de groupes et de g{\'e}om{\'e}tries tome 2},
  author={Philippe Caldero,J{\'e}r{\^o}me Germoni },
  isbn={2916352619},
  series={Mathematiques En Devenir},
  year={2017},
  publisher={EDP Sciences}
}
@book{milnor1997topology,
  title={Topology from the Differentiable Viewpoint},
  author={Milnor, J.W.},
  isbn={9780691048338},
  lccn={97030986},
  series={Princeton Landmarks in Mathematics},
  year={1997},
  publisher={Princeton University Press}
}
@book{milnor1963morse,
  title={Morse Theory},
  author={Milnor, J.W.},
  isbn={9780691080086},
  lccn={63013729},
  series={Annals of mathematics studies},
  year={1963},
  publisher={Princeton University Press}
}
@book{Forme_quadratique,
  title={Invitation aux formes quadratiques},
  author={Cl{\'e}ment de Seguins Pazzis},
  isbn={9782916352190},
  year={2011},
  publisher={	Calvage {\&} Mounet}
}
@ARTICLE{2001math......5155B,
   author = {{Baez}, J.~C.},
    title = "{The Octonions}",
  journal = {ArXiv Mathematics e-prints},
   eprint = {math/0105155},
 keywords = {Mathematics - Rings and Algebras, High Energy Physics - Theory, Mathematics - History and Overview, Mathematics - Quantum Algebra, Mathematics - Representation Theory},
     year = 2001,
    month = may,
}
@book{Jordan_algebra,
  title={A Taste of Jordan Algebras},
  author={Kevin McCrimmon},
  isbn={9780387217963},
  year={2004},
  publisher={	Springer},
series={Universitext}
}
@book{Incidence,
  title={An introduction to incidence Geometry},
  author={Bart de Bruyn},
  isbn={97833194381083},
  year={2016},
  publisher={Birkh{\"u}ser Baselr},
series={Frontiers in Mathematics}
}
@book{smooth_manifold,
 title={Introduction to smooth manifold, Second Edition},
  author={John M.Lee},
  isbn={9781441999818},
  year={2012},
  publisher={Springer-Verlag New York},
series={Graduate Texts in Mathematics 218}
}